@article{art:lorenz_attr,
  title={Deterministic nonperiodic flow},
  author={Lorenz, E.\;N.},
  journal={Journal of the atmospheric sciences},
  volume={20},
  number={2},
  pages={130--141},
  year={1963},
  language={english}
}
@article{art:rossler_attr,
  title={An equation for continuous chaos},
  author={R{\"o}ssler, O.\;E.},
  journal={Physics Letters A},
  volume={57},
  number={5},
  pages={397--398},
  year={1976},
  publisher={Elsevier},
  language={english}
}
@article{art:chen_attr,
  title={Yet another chaotic attractor},
  author={Chen, G. and Ueta, T.},
  journal={International Journal of Bifurcation and Chaos},
  volume={9},
  number={07},
  pages={1465--1466},
  year={1999},
  publisher={World Scientific},
  language={english}
}
@article{art:lu_attr,
  title={A new chaotic attractor coined},
  author={L{\"u}, J. and Chen, G.},
  journal={International Journal of Bifurcation and chaos},
  volume={12},
  number={03},
  pages={659--661},
  year={2002},
  publisher={World Scientific},
  language={english}
}
@book{book:main_DS,
  title={Динамические системы, аттракторы и оценки их размерности},
  author={Райтманн, Ф.},
  year={2013},
  publisher={Изд-во СПбГУ СПб.},
  language={russian}
}
@book{book:strange_attractors,
  title={Странные аттракторы и классическая теория устойчивости движения},
  author={Леонов, Г.\;А.},
  year={2004},
  publisher={Изд-во СПбГУ СПб.},
  language={russian}
}
@article{art:lyap_meth_for_hausd_dim,
  title={Lyapunov's direct method in the estimation of the Hausdorff dimension of attractors},
  author={Leonov, G.\;A. and Boichenko, V.\;A.},
  journal={Acta Applicandae Mathematica},
  volume={26},
  number={1},
  pages={1--60},
  year={1992},
  publisher={Springer},
  language={english}
}
@book{book:dim_th_for_ord_diff_eq,
  title={Dimension theory for ordinary differential equations},
  author={Boichenko, V.\;A. and Leonov, G.\;A. and Reitmann, V.},
  year={2005},
  publisher={Teubner Wiesbaden},
  language={english}
}
@article{art:estim_hausd_dim,
  title={On estimations of the Hausdorff dimension of attractors},
  author={Leonov, G.\;A.},
  journal={Vestnik St. Petersburg University, Mathematics},
  volume={24},
  number={3},
  pages={41--44},
  year={1991},
  language={english}
}
@article{art:dif_dims,
  title={A short survey on Lyapunov dimension for finite dimensional dynamical systems in Euclidean space},
  author={Kuznetsov, N.\;V. and Leonov, G.\;A.},
  journal={arXiv preprint arXiv:1510.03835},
  year={2015},
  language={english}
}
@article{art:alg_benettin_teory,
  title={Lyapunov characteristic exponents for smooth dynamical systems and for Hamiltonian systems; a method for computing all of them. Part 1: Theory},
  author={Benettin, G. and Galgani, L. and Giorgill, A. and Strelcyn, J.-M.},
  journal={Meccanica},
  volume={15},
  number={1},
  pages={9--20},
  year={1980},
  publisher={Springer},
  language={english}
}
@article{art:alg_benettin_app,
  title={Lyapunov characteristic exponents for smooth dynamical systems and for Hamiltonian systems; a method for computing all of them. Part 2: Numerical application},
  author={Benettin, G. and Galgani, L. and Giorgill, A. and Strelcyn, J.-M.},
  journal={Meccanica},
  volume={15},
  number={1},
  pages={21--30},
  year={1980},
  publisher={Springer},
  language={english}
}
@article{art:dor-prin,
  title={A family of embedded Runge-Kutta formulae},
  author={Dormand, J.\;R. and Prince, P.\;J.},
  journal={Journal of computational and applied mathematics},
  volume={6},
  number={1},
  pages={19--26},
  year={1980},
  publisher={Elsevier},
  language={english}
}
@article{art:rabinovich_main,
  title={Стохастические автоколебания и турбулентность},
  author={Рабинович, М.\;И.},
  journal={Успехи физических наук},
  volume={125},
  number={5},
  pages={123--168},
  year={1978},
  language={russian}
}
@article{art:rabinovich_lorenz,
  title={Hidden attractor in the Rabinovich system},
  author={Kuznetsov, N.\;V. and Leonov, G.\;A. and Mokaev, T.\;N.},
  journal={arXiv preprint arXiv:1504.04723},
  year={2015},
  language={english}
}
@book{book:hartman_difeq,
  title={Ordinary differential equation},
  author={Hartman, P.},
  year={2002},
  publisher={Society for Industrial and Applied Mathematics SIAM, 3600 Market Street, Floor 6, Philadelphia, PA 19104,},
  language={english}
}
@book{book:hirsch_difeq,
  title={Differential equations, dynamical systems, and an introduction to chaos},
  author={Hirsch, M.\;W. and Smale, S. and Devaney, R.\;L.},
  year={2012},
  publisher={Academic press},
  language={english}
}
@article{art:kuznetsov_lyapunov_dim,
  title={The Lyapunov dimension and its estimation via the Leonov method},
  author={Kuznetsov, N.\;V.},
  journal={Physics Letters A},
  year={2016},
  publisher={Elsevier},
  language={english}
}
@incollection{incol:kaplan_yorke,
  title={Chaotic behavior of multidimensional difference equations},
  author={Kaplan, J.\;L. and Yorke, J.\;A.},
  booktitle={Functional differential equations and approximation of fixed points},
  pages={204--227},
  year={1979},
  publisher={Springer},
  language={english}
}
@article{art:lyapunov_exp,
  title={The general problem of the stability of motion},
  author={Lyapunov, A.\;M.},
  journal={International Journal of Control},
  volume={55},
  number={3},
  pages={531--534},
  year={1992},
  publisher={Taylor \& Francis},
  language={english}
}
@article{art:CNSNS_2014,
  title={Numerical justification of Leonov conjecture on Lyapunov dimension of Rossler attractor},
  author={Kuznetsov, N.\;V. and Mokaev, T.\;N. and Vasilyev, P.\;A.},
  journal={Communications in Nonlinear Science and Numerical Simulation},
  volume={19},
  number={4},
  pages={1027--1034},
  year={2014},
  publisher={Elsevier},
  language={english}
}
@article{art:EPJST_2015,
  title={Homoclinic orbits, and self-excited and hidden attractors in a Lorenz-like system describing convective fluid motion},
  author={Leonov, G.\;A. and Kuznetsov, N.\;V. and Mokaev, T.\;N.},
  journal={The European Physical Journal Special Topics},
  volume={224},
  number={8},
  pages={1421--1458},
  year={2015},
  publisher={Springer},
  language={english}
}